% ner

@misc{bai2001,
  title={System for chinese tokenization and named entity recognition},
  author={Bai, Shuanhu and Wu, Horng Jyh Paul and Li, Haizhou and Loudon, Gareth},
  year={2001},
  month=oct # "~30",
  publisher={Google Patents},
  note={US Patent 6,311,152}
}

@inproceedings{benikova2014,
  title={NoSta-D Named Entity Annotation for German: Guidelines and Dataset.},
  author={Benikova, Darina and Biemann, Chris and Reznicek, Marc},
  booktitle={LREC},
  pages={2524--2531},
  year={2014}
}

@inproceedings{byrne2007,
  title={Nested named entity recognition in historical archive text},
  author={Byrne, Kate},
  booktitle={International Conference on Semantic Computing (ICSC 2007)},
  pages={589--596},
  year={2007},
  organization={IEEE}
}


@techreport{dalianis2001,
  title={SweNam—a Swedish named entity recognizer},
  author={Dalianis, Hercules and {\AA}str{\"o}m, Erik},
  year={2001},
  institution={Technical Report. Department of Numerical Analysis and Computing Science, TRITA-NA-P0113-IPLab-189. Stockholm, Sweden.< ftp. nada. kth. se/IPLab/TechReports/IPLab-189. pdf}
}

@article{ehrmann2017,
  title={JRC-Names: Multilingual entity name variants and titles as Linked Data},
  author={Ehrmann, Maud and Jacquet, Guillaume and Steinberger, Ralf},
  journal={Semantic Web},
  volume={8},
  number={2},
  pages={283--295},
  year={2017},
  publisher={IOS Press}
}


@inproceedings{faruqui2010,
  title={Training and Evaluating a German Named Entity Recognizer with Semantic Generalization.},
  author={Faruqui, Manaal and Pad{\'o}, Sebastian and Sprachverarbeitung, Maschinelle},
  booktitle={KONVENS},
  pages={129--133},
  year={2010}
}

@inproceedings{finkel2005,
  title={Incorporating non-local information into information extraction systems by gibbs sampling},
  author={Finkel, Jenny Rose and Grenager, Trond and Manning, Christopher},
  booktitle={Proceedings of the 43rd Annual Meeting on Association for Computational Linguistics},
  pages={363--370},
  year={2005},
  organization={Association for Computational Linguistics}
}



@inproceedings{grishman1996,
  title={Message Understanding Conference-6: A Brief History},
  author={Grishman, Ralph and Sundheim, Beth},
  booktitle={COLING},
  volume={96},
  pages={466--471},
  year={1996}
}

@inproceedings{hovy2006,
  title={OntoNotes: the 90\% solution},
  author={Hovy, Eduard and Marcus, Mitchell and Palmer, Martha and Ramshaw, Lance and Weischedel, Ralph},
  booktitle={Proceedings of the human language technology conference of the NAACL, Companion Volume: Short Papers},
  pages={57--60},
  year={2006},
  organization={Association for Computational Linguistics}
}


@article{kettunen2016a,
  title={Modern Tools for Old Content--in Search of Named Entities in a Finnish OCRed Historical Newspaper Collection 1771--1910},
  author={Kettunen, Kimmo and M{\"a}kel{\"a}, Eetu and Kuokkala, Juha and Ruokolainen, Teemu and Niemi, Jyrki},
  year={2016}
}

@article{kettunen2016b,
  title={Tagging Named Entities in 19th century Finnish Newspaper Material with a Variety of Tools},
  author={Kettunen, Kimmo and Ruokolainen, Teemu},
  year={2016}
}


@inproceedings{kokkinakis2014,
  title={HFST-SweNER--A New NER Resource for Swedish},
  author={Kokkinakis, Dimitrios and Niemi, Jyrki and Hardwick, Sam and Lind{\'e}n, Krister and Borin, Lars and others},
  booktitle={Proceedings of the Ninth International Conference on Language Resources and Evaluation (LREC'14)},
  year={2014}
}


@article{lample2016,
  title={Neural architectures for named entity recognition},
  author={Lample, Guillaume and Ballesteros, Miguel and Subramanian, Sandeep and Kawakami, Kazuya and Dyer, Chris},
  journal={arXiv preprint arXiv:1603.01360},
  year={2016}
}

@article{leaman2016,
  title={TaggerOne: joint named entity recognition and normalization with semi-Markov Models},
  author={Leaman, Robert and Lu, Zhiyong},
  journal={Bioinformatics},
  volume={32},
  number={18},
  pages={2839--2846},
  year={2016},
  publisher={Oxford Univ Press}
}

@inproceedings{makela2014,
  title={Combining a REST lexical analysis web service with SPARQL for mashup semantic annotation from text},
  author={M{\"a}kel{\"a}, Eetu},
  booktitle={European Semantic Web Conference},
  pages={424--428},
  year={2014},
  organization={Springer}
}


@article{nadeau2007,
  title={A survey of named entity recognition and classification},
  author={Nadeau, David and Sekine, Satoshi},
  journal={Lingvisticae Investigationes},
  volume={30},
  number={1},
  pages={3--26},
  year={2007},
  publisher={John Benjamins publishing company}
}

@inproceedings{neudecker2016,
  title={Making Europe's Historical Newspapers Searchable},
  author={Neudecker, Clemens and Antonacopoulos, Apostolos},
  booktitle={Document Analysis Systems (DAS), 2016 12th IAPR Workshop on},
  pages={405--410},
  year={2016},
  organization={IEEE}
}

@article{nguyen2016,
  title={J-NERD: Joint Named Entity Recognition and Disambiguation with Rich Linguistic Features.},
  author={Nguyen, Dat Ba and Theobald, Martin and Weikum, Gerhard},
  journal={TACL},
  volume={4},
  pages={215--229},
  year={2016}
}

@inproceedings{petasis2001,
  title={Using machine learning to maintain rule-based named-entity recognition and classification systems},
  author={Petasis, Georgios and Vichot, Frantz and Wolinski, Francis and Paliouras, Georgios and Karkaletsis, Vangelis and Spyropoulos, Constantine D},
  booktitle={Proceedings of the 39th Annual Meeting on Association for Computational Linguistics},
  pages={426--433},
  year={2001},
  organization={Association for Computational Linguistics}
}

@inproceedings{poibeau2003,
  title={The multilingual named entity recognition framework},
  author={Poibeau, Thierry},
  booktitle={Proceedings of the tenth conference on European chapter of the Association for Computational Linguistics-Volume 2},
  pages={155--158},
  year={2003},
  organization={Association for Computational Linguistics}
}

@article{pustejovsky2003,
  title={TimeML: Robust specification of event and temporal expressions in text.},
  author={Pustejovsky, James and Castano, Jos{\'e} M and Ingria, Robert and Sauri, Roser and Gaizauskas, Robert J and Setzer, Andrea and Katz, Graham and Radev, Dragomir R},
  journal={New directions in question answering},
  volume={3},
  pages={28--34},
  year={2003}
}

@inproceedings{strauss2016,
  title={Results of the wnut16 named entity recognition shared task},
  author={Strauss, Benjamin and Toma, Bethany E and Ritter, Alan and de Marneffe, Marie-Catherine and Xu, Wei},
  booktitle={Proceedings of the 2nd Workshop on Noisy User-generated Text},
  pages={138--144},
  year={2016}
}

@inproceedings{tjong2003,
  title={Introduction to the CoNLL-2003 shared task: Language-independent named entity recognition},
  author={Tjong Kim Sang, Erik F and De Meulder, Fien},
  booktitle={Proceedings of the seventh conference on Natural language learning at HLT-NAACL 2003-Volume 4},
  pages={142--147},
  year={2003},
  organization={Association for Computational Linguistics}
}

@incollection{van2017,
  title={Active Learning-Based Approach for Named Entity Recognition on Short Text Streams},
  author={Van Tran, Cuong and Nguyen, Tuong Tri and Hoang, Dinh Tuyen and Hwang, Dosam and Nguyen, Ngoc Thanh},
  booktitle={Multimedia and Network Information Systems},
  pages={321--330},
  year={2017},
  publisher={Springer}
}

@inproceedings{verhagen2007,
  title={Semeval-2007 task 15: Tempeval temporal relation identification},
  author={Verhagen, Marc and Gaizauskas, Robert and Schilder, Frank and Hepple, Mark and Katz, Graham and Pustejovsky, James},
  booktitle={Proceedings of the 4th International Workshop on Semantic Evaluations},
  pages={75--80},
  year={2007},
  organization={Association for Computational Linguistics}
}

@inproceedings{verhagen2010,
  title={SemEval-2010 task 13: TempEval-2},
  author={Verhagen, Marc and Sauri, Roser and Caselli, Tommaso and Pustejovsky, James},
  booktitle={Proceedings of the 5th international workshop on semantic evaluation},
  pages={57--62},
  year={2010},
  organization={Association for Computational Linguistics}
}

@inproceedings{verhagen2013,
  title={SemEval-2013 Task 1: TEMPEVAL-3: Evaluating Time Expressions, Events, and Temporal Relations},
  author={UzZaman, Naushad and Llorens, Hector and Derczynski, Leon and Verhagen, Marc and Allen, James and Pustejovsky, James},
  booktitle={Second Joint Conference on Lexical and Computational Semantics (*SEM), Volume 2: Seventh International Workshop on Semantic},
 volume={2}, 
  pages={1--9},
  year={2013},
  organization={Association for Computational Linguistics}
}
%Second Joint Conference on Lexical and Computational Semantics (*SEM), Volume 2: Seventh International Workshop on Semantic
%Evaluation (SemEval 2013), pages 1–9, Atlanta, Georgia, June 14-15, 2013.




% FinnPos

@inproceedings{voutilainen2011,
title={{F}inn{T}ree{B}ank: {C}reating a research resource and service for language researchers with {C}onstraint {G}rammar},
author={Voutilainen, Atro},
booktitle={Proceedings of the NODALIDA 2011 Workshop Constraint Grammar Applications},
year={2011},
address = {Riga, Latvia},
pages = {41-49}
}



@inproceedings{alahari2010,
  title={Efficient piecewise learning for conditional random fields},
  author={Alahari, Karteek and Russell, Chris and Torr, Philip H.S.},
  booktitle={Computer Vision and Pattern Recognition (CVPR), 2010 IEEE Conference on},
  pages={895--901},
  year={2010},
}

@article{besag1975,
  title={Statistical analysis of non-lattice data},
  author={Besag, Julian},
  journal={The statistician},
  pages={179--195},
  year={1975},
  publisher={JSTOR}
}

@book{bishop2006,
  title={Pattern recognition and machine learning},
  author={Bishop, C.M.},
  volume={4},
  year={2006},
  publisher={springer New York}
}

@article{bohnet2013xx,
  title={Joint Morphological and Syntactic Analysis for Richly Inflected Languages},
  author={Bohnet, Bernd and Nivre, Joakim and Boguslavsky, Igor and Ginter, Rich{\'a}rd Farkas Filip and Hajic, Jan},
  journal={Transactions of the Association for Computational Linguistics},
  volume={1},
  year={2013}
}

@article{bohnet2013,
  title={Joint morphological and syntactic analysis for richly inflected languages},
  author={Bohnet, Bernd and Nivre, Joakim and Boguslavsky, Igor and Farkas, Rich{\'a}rd and Ginter, Filip and Haji{\v{c}}, Jan},
  journal={Transactions of the Association for Computational Linguistics},
  volume={1},
  pages={415--428},
  year={2013}
}



@article{boykov2001,
  title={Fast approximate energy minimization via graph cuts},
  author={Boykov, Y. and Veksler, O. and Zabih, R.},
  journal={Pattern Analysis and Machine Intelligence, IEEE Transactions on},
  volume={23},
  number={11},
  pages={1222--1239},
  year={2001},
  publisher={IEEE}
}


@inproceedings{brants2000,
  title={{TnT}: {A} statistical part-of-speech tagger},
  author={Brants, Thorsten},
  booktitle={Proceedings of the 6th Conference on Applied Natural Language Processing (ANLP 2000)},
  pages={224--231},
  year={2000},
  address = {Seattle, Washington, USA}
}

@inproceedings{charniak2005,
  title={Coarse-to-fine n-best parsing and MaxEnt discriminative reranking},
  author={Charniak, Eugene and Johnson, Mark},
  booktitle={Proceedings of the 43rd Annual Meeting on Association for Computational Linguistics (ACL 2005)},
  pages={173--180},
  year={2005},
  address = {Ann Arbor, Michigan, USA}
}

@article{cho2013,
title = "Named entity recognition with multiple segment representations ",
author = "Han-Cheol Cho and Naoaki Okazaki and Makoto Miwa and Jun‚Äôichi Tsujii",
journal = "Information Processing \& Management ",
volume = "49",
number = "4",
pages = "954 - 965",
year = "2013"
}

@inproceedings{christodoulopoulos2010,
  title={Two Decades of Unsupervised POS induction: How far have we come?},
  author={Christodoulopoulos, Christos and Goldwater, Sharon and Steedman, Mark},
  booktitle={Proceedings of the 2010 Conference on Empirical Methods in Natural Language Processing},
  pages={575--584},
  year={2010},
}

@inproceedings{chrupala2008,
  title={Learning Morphology with {Morfette}},
  author={Chrupala, Grzegorz and Dinu, Georgiana and van Genabith, Josef},
  booktitle={Proceedings of the 6th International Conference on Language Resources and Evaluation (LREC 2008)},
  year={2008},
  address={Marrakech, Morocco},
  pages={2362-2367}
}

@phdthesis{chrupala2008towards,
  title={Towards a machine-learning architecture for lexical functional grammar parsing},
  author={Chrupa{\l}a, Grzegorz},
  year={2008},
  school={Dublin City University}
}



@inproceedings{collins2002,
  title={Discriminative training methods for hidden {M}arkov models: Theory and experiments with perceptron algorithms},
  author={Collins, Michael},
  booktitle={Proceedings of the 2002 Conference on Empirical Methods in Natural Language Processing (EMNLP 2002)},
  volume={10},
  pages={1--8},
  year={2002},
  address={Philadelphia, Pennsylvania, USA}
}


@inproceedings{collins2002ner,
  title={Ranking algorithms for named-entity extraction: Boosting and the voted perceptron},
  author={Collins, Michael},
  booktitle={Proceedings of the 40th Annual Meeting on Association for Computational Linguistics},
  pages={489--496},
  year={2002}
}

@inproceedings{collins2004,
  title={Incremental parsing with the perceptron algorithm},
  author={Collins, Michael and Roark, Brian},
  booktitle={Proceedings of the 42nd Annual Meeting on Association for Computational Linguistics},
  pages={111},
  year={2004}
}


@inproceedings{cvejic2012,
  title={Automated search for patient records: classification of free-text medical reports using conditional random fields},
  author={Cvejic, Ivko and Zhang, Jun and Marx, James and Tjoe, Judy},
  booktitle={Proceedings of the 2nd ACM SIGHIT International Health Informatics Symposium},
  pages={691--696},
  year={2012}
}

@phdthesis{daume2006,
  title={Practical structured learning techniques for natural language processing},
  author={Daum{\'e} III, Hal},
  year={2006},
  school={University of Southern California}
}


@InProceedings{erjavec2010,
  author = {Toma\v{z} Erjavec},
  title = {MULTEXT-East Version 4: Multilingual Morphosyntactic Specifications, Lexicons and Corpora},
  booktitle = {Proceedings of the Seventh International Conference on Language Resources and Evaluation (LREC'10)},
  year = {2010}
} 


@InProceedings{ERJAVEC,
  author = {Toma\v{z} Erjavec},
  title = {MULTEXT-East Version 4: Multilingual Morphosyntactic Specifications, Lexicons and Corpora},
  booktitle = {Proceedings of the Seventh International Conference on Language Resources and Evaluation (LREC'10)},
  year = {2010},
  month = {may},
  date = {19-21},
  address = {Valletta, Malta},
  editor = {Nicoletta Calzolari (Conference Chair) and Khalid Choukri and Bente Maegaard and Joseph Mariani and Jan Odijk and Stelios Piperidis and Mike Rosner and Daniel Tapias},
  publisher = {European Language Resources Association (ELRA)},
  isbn = {2-9517408-6-7},
  language = {english}
} 

@article{freitag2000,
  title={Machine learning for information extraction in informal domains},
  author={Freitag, Dayne},
  journal={Machine learning},
  volume={39},
  number={2-3},
  pages={169--202},
  year={2000},
  publisher={Springer}
}

 
@article{freund1999,
  title={Large margin classification using the perceptron algorithm},
  author={Freund, Yoav and Schapire, Robert},
  journal={Machine Learning},
  volume={37},
  number={3},
  pages={277--296},
  year={1999},
  publisher={Springer}
}


@article{frey1998,
  title={A revolution: Belief propagation in graphs with cycles},
  author={Frey, Brendan and MacKay, David},
  journal={Advances in neural information processing systems},
  pages={479--485},
  year={1998},
  publisher={MORGAN KAUFMANN PUBLISHERS}
}

@book{hakulinen2004,
  title={Iso suomen kielioppi},
  author={Hakulinen, Auli and Korhonen, Riitta and Vilkuna, Maria and Koivisto, Vesa},
  year={2004},
  publisher={Suomalaisen kirjallisuuden seura},
  url={http://scripta.kotus.fi/visk},
  isbn={ISBN:978-952-5446-35-7}
}

@inproceedings{halacsy2007,
 author = {Hal\'{a}csy, P{\'e}ter and Kornai, Andr\'{a}s and Oravecz, Csaba},
 title = {{HunPos}: {A}n Open Source Trigram Tagger},
 booktitle = {Proceedings of the 45th Annual Meeting of the Association of Computational Linguistics (ACL 2007)},
 year = {2007},
 address = {Prague, Czech Republic},
 pages = {209--212}
} 

@article{hazan2010,
  title={Approximated Structured Prediction for Learning Large Scale Graphical Models},
  author={Hazan, T. and Urtasun, R.},
  journal={arXiv preprint arXiv:1006.2899},
  year={2010}
}


@article{haverinen2013,
year={2013},
journal={Language Resources and Evaluation},
title={Building the essential resources for {F}innish: the {T}urku {D}ependency {T}reebank},
author={Katri Haverinen and Jenna Nyblom and Timo Viljanen and Veronika Laippala and Samuel Kohonen and Anna Missil\"a and Stina Ojala and Tapio Salakoski and Filip Ginter}
}

@article{haverinen2014,
  title={{Building the essential resources for Finnish: the Turku Dependency Treebank}},
  author={Haverinen, Katri and Nyblom, Jenna and Viljanen, Timo and Laippala, Veronika and Kohonen, Samuel and Missil{\"a}, Anna and Ojala, Stina and Salakoski, Tapio and Ginter, Filip},
  journal={Language Resources and Evaluation},
  volume={48},
  number={3},
  pages={493--531},
  year={2014}
}



@inproceedings{haverinen2009,
  title={Dependency annotation of {W}ikipedia: {F}irst steps towards a {F}innish treebank},
  author={Haverinen, Katri and Ginter, Filip and Laippala, Veronika and Viljanen, Timo and Salakoski, Tapio},
  booktitle={The 8th International Workshop on Treebanks and Linguistic Theories (TLT 2009)},
  pages={95-105},
  year={2009},
  address = {Milan, Italy}
}


@article{hyvarinen2006,
  title={Consistency of pseudolikelihood estimation of fully visible {B}oltzmann machines},
  author={Hyv{\"a}rinen, Aapo},
  journal={Neural Computation},
  volume={18},
  number={10},
  pages={2283--2292},
  year={2006},
  publisher={MIT Press}
}

@inproceedings{huang2012,
  title={Structured perceptron with inexact search},
  author={Huang, Liang and Fayong, Suphan and Guo, Yang},
  booktitle={Proceedings of the 2012 Conference of the North American Chapter of the Association for Computational Linguistics: Human Language Technologies (NAACL HLT 2012)},
  pages={142--151},
  year={2012},
  address= {Montreal, Canada}
}


@article{joachims2009,
  title={Cutting-plane training of structural SVMs},
  author={Joachims, T. and Finley, T. and Yu, C.N.J.},
  journal={Machine Learning},
  volume={77},
  number={1},
  pages={27--59},
  year={2009},
  publisher={Springer}
}

@inproceedings{karlsson1990,
 author = {Karlsson, Fred},
 title = {Constraint Grammar As a Framework for Parsing Running Text},
 booktitle = {Proceedings of the 13th Conference on Computational Linguistics (COLING 1990)},
 year = {1990},
 address = {Helsinki, Finland},
 pages = {168-173}
} 

@inproceedings{kim2004,
  title={Introduction to the bio-entity recognition task at JNLPBA},
  author={Kim, J.D. and Ohta, T. and Tsuruoka, Y. and Tateisi, Y. and Collier, N.},
  booktitle={Proceedings of the international joint workshop on natural language processing in biomedicine and its applications},
  pages={70--75},
  year={2004}
}

@article{korvc2008,
  title={Approximate parameter learning in conditional random fields: An empirical investigation},
  author={Kor{\v{c}}, Filip and F{\"o}rstner, Wolfgang},
  journal={Pattern Recognition},
  pages={11--20},
  year={2008},
  publisher={Springer}
}


@inproceedings{lafferty2001,
  title={Conditional random fields: Probabilistic models for segmenting and labeling sequence data},
  author={Lafferty, John and McCallum, Andrew and Pereira, Fernando},
  booktitle={Proceedings of the Eighteenth International Conference on Machine Learning},
  pages={282--289},
  year={2001}
}


@article{lecun2006,
  title={A tutorial on energy-based learning},
  author={LeCun, Yann and Chopra, Sumit and Hadsell, Raia and Ranzato, Marc‚ÄôAurelio and Huang, Fu Jie},
  journal={Predicting Structured Data},
  year={2006}
}


@article{majumder2012,
  title={Multiple Features Based Approach to Extract Bio-molecular Event Triggers Using Conditional Random Field},
  author={Majumder, Amit},
  journal={International Journal of Intelligent Systems and Applications (IJISA)},
  volume={4},
  number={12},
  pages={41},
  year={2012}
}

@inproceedings{malouf2002,
  title={A comparison of algorithms for maximum entropy parameter estimation},
  author={Malouf, Robert},
  booktitle={Proceedings of the 6th conference on natural language learning (CoNLL 2002)},
  pages={49--55},
  year={2002}
}

@article{marcus1993,
  title={Building a large annotated corpus of English: The Penn Treebank},
  author={Marcus, Mitchell and Marcinkiewicz, Mary Ann and Santorini, Beatrice},
  journal={Computational linguistics},
  volume={19},
  number={2},
  pages={313--330},
  year={1993},
  publisher={MIT Press}
}

@inproceedings{mccallum2003,
  title={Early results for named entity recognition with conditional random fields, feature induction and web-enhanced lexicons},
  author={McCallum, Andrew and Li, Wei},
  booktitle={Proceedings of the seventh conference on Natural language learning at HLT-NAACL 2003-Volume 4},
  pages={188--191},
  year={2003}
}

@inproceedings{muller2013,
  title={Efficient Higher-Order {CRFs} for Morphological Tagging},
  author={M{\"u}ller, Thomas and Schmid, Helmut and Sch{\"u}tze, Hinrich},
  booktitle={Proceedings of 2013 Empirical Methods in Natural Language Processing (EMNLP 2013)},
  year={2013},
  address = {Seattle, Washington, USA},
  pages = {322-332}
}



@article{okazaki2007,
  title={CRFsuite: a fast implementation of conditional random fields (CRFs)},
  author={Okazaki, Naoaki},
  journal={URL http://www.chokkan.org/software/crfsuite},
  year={2007}
}

@inproceedings{ostling2012,
  title={Stagger: A modern POS tagger for Swedish},
  author={{\"O}stling, Robert},
  booktitle={Proceedings of the Swedish Language Technology Conference (SLTC)},
  year={2012}
}


@inproceedings{pal2006,
  title={Sparse forward-backward using minimum divergence beams for fast training of conditional random fields},
  author={Pal, Chris and Sutton, Charles and McCallum, Andrew},
  booktitle={Internation Conference on Acoustics, Speech and Signal Processing (ICASP 2006)},
  volume={5},
  pages={581-584},
  year={2006},
  address = {Toulouse, France}
}



@mastersthesis{pirinen2008,
    title = {Automatic Finite State Morphological Analysis of {Finnish} Language Using Open Source Resources (in {Finnish})},
    year = {2008},
    author = {Tommi Pirinen},
    school = {University of Helsinki}
}

@inproceedings{ramshaw1995,
  title={Text chunking using transformation-based learning},
  author={Ramshaw, Lance A and Marcus, Mitchell},
  booktitle={Proceedings of the Third ACL Workshop on Very Large Corpora},
  pages={82--94},
  year={1995}
}


@inproceedings{ratnaparkhi1996,
  title={A maximum entropy model for part-of-speech tagging},
  author={Ratnaparkhi, Adwait},
  booktitle={Proceedings of the 1996 Conference on Empirical Methods in Natural Language Processing (EMNLP 1996)},
  volume={1},
  pages={133--142},
  year={1996},
  address = {New Brunswick, New Jersey, USA}
}

@inproceedings{rush2012,
  title={Vine pruning for efficient multi-pass dependency parsing},
  author={Rush, Alexander M and Petrov, Slav},
  booktitle={Proceedings of the 2012 Conference of the North American Chapter of the Association for Computational Linguistics: Human Language Technologies (NAACL HLT 2012)},
  pages={498--507},
  year={2012},
  address = {Montreal, Canada}
}

@inproceedings{samdani2012,
  title={Efficient Decomposed Learning for Structured Prediction},
  author={Samdani, R. and Roth, D.},
  booktitle={Proceedings of the 29th International Conference on Machine Learning},
  year={2012}
}


@inproceedings{settles2004,
  title={Biomedical named entity recognition using conditional random fields and rich feature sets},
  author={Settles, Burr},
  booktitle={Proceedings of the International Joint Workshop on Natural Language Processing in Biomedicine and its Applications},
  pages={104--107},
  year={2004}
}

@inproceedings{shen2003,
  title={Effective adaptation of a hidden markov model-based named entity recognizer for biomedical domain},
  author={Shen, Dan and Zhang, Jie and Zhou, Guodong and Su, Jian and Tan, Chew-Lim},
  booktitle={Proceedings of the ACL 2003 workshop on Natural language processing in biomedicine-Volume 13},
  pages={49--56},
  year={2003}
}


@inproceedings{sha2003,
  title={Shallow parsing with conditional random fields},
  author={Sha, Fei and Pereira, Fernando},
  booktitle={Proceedings of the 2003 Conference of the North American Chapter of the Association for Computational Linguistics on Human Language Technology-Volume 1},
  pages={134--141},
  year={2003}
}

@InProceedings{ruokolainen2014,
  author    = {Ruokolainen, Teemu  and  Silfverberg, Miikka  and  Kurimo, Mikko  and  Linden, Krister},
  title     = {Accelerated Estimation of Conditional Random Fields using a Pseudo-Likelihood-inspired Perceptron Variant},
  booktitle = {Proceedings of the 14th Conference of the European Chapter of the Association for Computational Linguistics, volume 2: Short Papers},
  month     = {April},
  year      = {2014},
  address   = {Gothenburg, Sweden},
  publisher = {Association for Computational Linguistics},
  pages     = {74--78},
  url       = {http://www.aclweb.org/anthology/E14-4015}
}

@inproceedings{silfverberg2011,
  title={Combining Statistical Models for {POS} Tagging using Finite-State Calculus},
  author={Silfverberg, Miikka and Linden, Krister},
  booktitle={Proceedings of the 18th Nordic Conference of Computational Linguistics (NODALIDA 2011)},
  year={2011},
  address= {Riga, Latvia},
  pages = {183-190}
}

@incollection{linden2011,
year={2011},
booktitle={Systems and Frameworks for Computational Morphology (SFCM 2011)},
title={{HFST} -- {Framework} for Compiling and Applying Morphologies},
author={Lind\'{e}n, Krister and Axelson, Erik and Hardwick, Sam and Pirinen, Tommi and Silfverberg, Miikka},
pages={67-85},
address={Zurich, Switzerland}
}

@inproceedings{silfverberg2014,
author="Silfverberg, Miikka and Ruokolainen, Teemu and Lind{\'e}n, Krister and Kurimo, Mikko",
title="Part-of-Speech Tagging using Conditional Random Fields: Exploiting Sub-Label Dependencies for Improved Accuracy",
booktitle="Proceedings of the 52nd Annual Meeting of the Association for Computational Linguistics (ACL 2014)",
year="2014",
pages="259--264",
address="Baltimore, Maryland"
}
url="http://aclweb.org/anthology/P14-2043"


@inproceedings{sogaard2011,
  title={Semi-supervised condensed nearest neighbor for part-of-speech tagging},
  author={S{\o}gaard, Anders},
  booktitle={Proceedings of the 49th Annual Meeting of the Association for Computational Linguistics: Human Language Technologies: short papers},
  volume={2},
  pages={48--52},
  year={2011}
}


@incollection{sontag2010,
  title = {More data means less inference: A pseudo-max approach to structured learning},
  author = {David Sontag and Ofer Meshi and Tommi Jaakkola and Amir Globerson},
  booktitle = {Advances in Neural Information Processing Systems 23},
  pages = {2181--2189},
  year = {2010}
}


@inproceedings{srikumar2012,
  title={On amortizing inference cost for structured prediction},
  author={Srikumar, V. and Kundu, G. and Roth, D.},
  booktitle={Proceedings of the 2012 Joint Conference on Empirical Methods in Natural Language Processing and Computational Natural
Language Learning},
  pages={1114--1124},
  year={2012}
}

@article{sutton2007,
  title={Dynamic conditional random fields: Factorized probabilistic models for labeling and segmenting sequence data},
  author={Sutton, Charles and McCallum, Andrew and Rohanimanesh, Khashayar},
  journal={Journal of Machine Learning Research},
  volume={8},
  number={693-723},
  pages={158},
  year={2007}
}

@article{sutton2009,
  title={Piecewise training for structured prediction},
  author={Sutton, Charles and McCallum, Andrew},
  journal={Machine learning},
  volume={77},
  number={2},
  pages={165--194},
  year={2009},
  publisher={Springer}
}

@article{sutton2011,
  title={An introduction to conditional random fields},
  author={Sutton, Charles and McCallum, Andrew},
  journal={Machine Learning},
  volume={4},
  number={4},
  pages={267--373},
  year={2011}
}


@article{szummer2008,
  title={Learning CRFs using graph cuts},
  author={Szummer, M. and Kohli, P. and Hoiem, D.},
  journal={Computer Vision--ECCV 2008},
  pages={582--595},
  year={2008},
  publisher={Springer}
}

@inproceedings{tateisi2005,
  title={Syntax Annotation for the GENIA corpus},
  author={Tateisi, Yuka and Yakushiji, Akane and Ohta, Tomoko and Tsujii, Jun‚Äôichi},
  booktitle={Proceedings of IJCNLP},
  volume={5},
  pages={222--227},
  year={2005}
}


@inproceedings{tjong2000,
  title={Introduction to the CoNLL-2000 shared task: Chunking},
  author={Tjong Kim Sang, Erik and Buchholz, Sabine},
  booktitle={Proceedings of the 2nd workshop on Learning language in logic and the 4th conference on Computational natural language learning},
  volume={7},
  pages={127--132},
  year={2000}
}

@article{tsochantaridis2005,
  title={Large Margin Methods for Structured and Interdependent Output Variables},
  author={Tsochantaridis, I. and Joachims, T. and Hofmann, T. and Altun, Y.},
  journal={Journal of Machine Learning Research},
  volume={6},
  pages={1453--1484},
  year={2005}
}

@incollection{tsuruoka2005,
  title={Developing a robust part-of-speech tagger for biomedical text},
  author={Tsuruoka, Yoshimasa and Tateishi, Yuka and Kim, Jin-Dong and Ohta, Tomoko and McNaught, John and Ananiadou, Sophia and Tsujii, Jun‚Äôichi},
  booktitle={Advances in informatics},
  pages={382--392},
  year={2005},
  publisher={Springer}
}

@inproceedings{vail2007,
  title={Feature selection in conditional random fields for activity recognition},
  author={Vail, Douglas L and Lafferty, John D and Veloso, Manuela M},
  booktitle={Intelligent Robots and Systems, 2007. IROS 2007. IEEE/RSJ International Conference on},
  pages={3379--3384},
  year={2007},
  organization={IEEE}
}

@article{vapnik1999,
  title={An overview of statistical learning theory},
  author={Vapnik, V.N.},
  journal={Neural Networks, IEEE Transactions on},
  volume={10},
  number={5},
  pages={988--999},
  year={1999},
  publisher={IEEE}
}

@inproceedings{vishwanathan2006,
  title={Accelerated training of conditional random fields with stochastic gradient methods},
  author={Vishwanathan, S.V.N. and Schraudolph, Nicol and Schmidt, Mark and Murphy, Kevin},
  booktitle={Proceedings of the 23rd international conference on Machine learning},
  pages={969--976},
  year={2006}
}


@article{wainwright2005,
  title={MAP estimation via agreement on trees: message-passing and linear programming},
  author={Wainwright, Martin and Jaakkola, Tommi and Willsky, Alan},
  journal={Information Theory, IEEE Transactions on},
  volume={51},
  number={11},
  pages={3697--3717},
  year={2005},
  publisher={IEEE}
}

@article{wallach2004,
  title={Conditional random fields: An introduction},
  author={Wallach, Hanna M},
  journal={Technical Reports (CIS)},
  pages={22},
  year={2004}
}

@inproceedings{weiss2010,
  title={Structured Prediction Cascades},
  author={Weiss, David and Taskar, Ben},
  booktitle={International Conference on Artificial Intelligence and Statistics (AISTATS 2010)},
  pages={916--923},
  year={2010},
  address = {Sardinia, Italy}
}


@article{yedidia2003,
  title={Understanding belief propagation and its generalizations},
  author={Yedidia, Jonathan and Freeman, William and Weiss, Yair},
  journal={Exploring artificial intelligence in the new millennium},
  volume={8},
  pages={236--239},
  year={2003},
  publisher={chapter}
}

@article{zhang2011,
  title={Syntactic processing using the generalized perceptron and beam search},
  author={Zhang, Yue and Clark, Stephen},
  journal={Computational Linguistics},
  volume={37},
  number={1},
  pages={105--151},
  year={2011},
  publisher={MIT Press}
}





@article{cho2013,
title = "Named entity recognition with multiple segment representations",
author = "Han-Cheol Cho and Naoaki Okazaki and Makoto Miwa and Jun'ichi Tsujii",
journal = "Information Processing \& Management ",
volume = "49",
number = "4",
pages = "954 - 965",
year = "2013"
}


@InProceedings{erjavec2010,
  author = {Toma\u{z} Erjavec},
  title = {MULTEXT-East Version 4: Multilingual Morphosyntactic Specifications, Lexicons and Corpora},
  booktitle = {Proceedings of the Seventh International Conference on Language Resources and Evaluation (LREC'10)},
  year = {2010}
} 



@InProceedings{erjavec2010xxxx,
  author = {Toma\u{z} Erjavec},
  title = {MULTEXT-East Version 4: Multilingual Morphosyntactic Specifications, Lexicons and Corpora},
  booktitle = {Proceedings of the Seventh International Conference on Language Resources and Evaluation (LREC'10)},
  year = {2010},
  month = {may},
  date = {19-21},
  address = {Valletta, Malta},
  editor = {Nicoletta Calzolari (Conference Chair) and Khalid Choukri and Bente Maegaard and Joseph Mariani and Jan Odijk and Stelios Piperidis and Mike Rosner and Daniel Tapias},
  publisher = {European Language Resources Association (ELRA)},
  isbn = {2-9517408-6-7},
  language = {english}
} 



@inproceedings{kaynak2000,
  title={Multistage cascading of multiple classifiers: One man's noise is another man's data},
  author={Kaynak, Cenk and Alpaydin, Ethem},
  booktitle={ICML},
  pages={455--462},
  year={2000},
  organization={Citeseer}
}

@inproceedings{kudoh2000,
  title={Use of support vector learning for chunk identification},
  author={Kudoh, Taku and Matsumoto, Yuji},
  booktitle={Proceedings of the 2nd workshop on Learning language in logic and the 4th conference on Computational natural language learning-Volume 7},
  pages={142--144},
  year={2000},

}



@inproceedings{manning2011,
 author = {Manning, Christopher},
 title = {Part-of-speech Tagging from 97\% to 100\%: Is It Time for Some Linguistics?},
 booktitle = {Proceedings of the 12th International Conference on Computational Linguistics and Intelligent Text Processing - Volume Part I},
 year = {2011},
 pages = {171--189}
} 



@article{sutton2007,
  title={Dynamic conditional random fields: Factorized probabilistic models for labeling and segmenting sequence data},
  author={Sutton, Charles and McCallum, Andrew and Rohanimanesh, Khashayar},
  journal={The Journal of Machine Learning Research},
  volume={8},
  pages={693--723},
  year={2007},
  publisher={JMLR. org}
}


@inproceedings{tjong2000,
  title={Introduction to the {C}o{NLL}-2000 shared task: Chunking},
  author={Tjong Kim Sang, Erik and Buchholz, Sabine},
  booktitle={Proceedings of the 2nd workshop on Learning language in logic and the 4th conference on Computational natural language learning},
  volume={7},
  pages={127--132},
  year={2000},
}

